<record><leader>00000cas a2200000 a 4500</leader><controlfield tag="001">18144498</controlfield><controlfield tag="008">880628d19621962orumr ne      0   a0eng d</controlfield><datafield ind1=" " ind2=" " tag="010"><subfield code="a">sn 88085675 </subfield></datafield><datafield ind1=" " ind2=" " tag="040"><subfield code="a">SLZ</subfield><subfield code="b">eng</subfield><subfield code="c">SLZ</subfield><subfield code="d">EYM</subfield><subfield code="d">CNW</subfield><subfield code="d">OCL</subfield><subfield code="d">OCLCQ</subfield><subfield code="d">OCLCF</subfield><subfield code="d">OCLCO</subfield></datafield><datafield ind1=" " ind2=" " tag="019"><subfield code="a">15802979</subfield></datafield><datafield ind1="1" ind2=" " tag="029"><subfield code="a">AU@</subfield><subfield code="b">000020526573</subfield></datafield><datafield ind1=" " ind2=" " tag="042"><subfield code="a">msc</subfield></datafield><datafield ind1=" " ind2=" " tag="043"><subfield code="a">n-us-or</subfield></datafield><datafield ind1="0" ind2=" " tag="130"><subfield code="a">American eagle (Portland, Or.)</subfield></datafield><datafield ind1="1" ind2="0" tag="245"><subfield code="a">American eagle.</subfield></datafield><datafield ind1=" " ind2=" " tag="260"><subfield code="a">Portland, Or. :</subfield><subfield code="b">Freedom Center,</subfield><subfield code="c">1962.</subfield></datafield><datafield ind1=" " ind2=" " tag="300"><subfield code="a">1 v. :</subfield><subfield code="b">ill. ;</subfield><subfield code="c">45 cm.</subfield></datafield><datafield ind1=" " ind2=" " tag="310"><subfield code="a">Monthly</subfield></datafield><datafield ind1="0" ind2=" " tag="362"><subfield code="a">Vol. 1, no. 1 (Jan. 1962)-v. 1, no. 4 (Apr. 1962).</subfield></datafield><datafield ind1=" " ind2=" " tag="500"><subfield code="a">Editor: E.M. Jones.</subfield></datafield><datafield ind1=" " ind2="0" tag="650"><subfield code="a">Conservatism</subfield><subfield code="z">Oregon</subfield><subfield code="v">Newspapers.</subfield></datafield><datafield ind1=" " ind2="7" tag="655"><subfield code="a">Anti-communist literature</subfield><subfield code="x">Periodicals.</subfield><subfield code="2">rbgenr</subfield></datafield><datafield ind1=" " ind2="7" tag="655"><subfield code="a">Newspapers.</subfield><subfield code="2">fast</subfield><subfield code="0">(OCoLC)fst01423814</subfield></datafield><datafield ind1=" " ind2="7" tag="650"><subfield code="a">Conservatism.</subfield><subfield code="2">fast</subfield><subfield code="0">(OCoLC)fst00875582</subfield></datafield><datafield ind1=" " ind2="7" tag="651"><subfield code="a">Oregon.</subfield><subfield code="2">fast</subfield><subfield code="0">(OCoLC)fst01204579</subfield></datafield><datafield ind1="2" ind2=" " tag="710"><subfield code="a">Freedom Center (Portland, Or.)</subfield></datafield><datafield ind1=" " ind2=" " tag="752"><subfield code="a">United States</subfield><subfield code="b">Oregon</subfield><subfield code="c">Multnomah</subfield><subfield code="d">Portland.</subfield></datafield><datafield ind1="0" ind2="5" tag="780"><subfield code="t">Northwest sentinel (Seattle, Wash.)</subfield><subfield code="w">(DLC)sn 88085667</subfield><subfield code="w">(OCoLC)18144553</subfield></datafield><datafield ind1="0" ind2="0" tag="785"><subfield code="t">National eagle (Portland, Or. : 1962)</subfield><subfield code="w">(DLC)sn 94023789</subfield><subfield code="w">(OCoLC)15802320</subfield></datafield></record>